% volume={(巻)-(号)}としてください。numberは使用しないでください。

% （例）学術雑誌等の場合 著者名，題目，雑誌名，巻数－号数,（西暦で発行年），ペ－ジの順．
% （1）日本太郎，赤坂次郎，粘弾性流のレオロジ方程式に関する研究，日本機械学会論文集， 70-578,（1967), 359-363.
% （2）R. E. Edwards, et al., Waterhammer Analysis of Pump System, Trans. ASME, Ser.E., 30-3, (1969), 384-390.
% （例）書籍の場合 著者名，書籍名，（西暦で発行年），ペ－ジ，出版社名の順．
% （1）青山四郎，自動制御理論，（1968), 294-300, 機学社．
% （2）W. R. Ahrendt and J. F. Taplin, Automatic Feedback Control, (1968), 31-40, McGraw-Hill, N.Y. 

@article{key,
  author          = {aiueo},
  title           = {aiueoa},
  journal         = {aiueo},
  volume          = {aiueo},
  pages           = {aiueo},
  year            = {aiueo}
}

@article{kreis,
  author          = {T. M. Kreis, M. Adams and W. P. O. J{\"u}ptner},
  title           = {Methods of digital holography: a comparison.},
  journal         = {In Optical Inspection and Micromeasurements II, SPIE},
  volume          = {3098},
  pages           = {224--233},
  year            = {(1997)}
}

@article{gabor,
  author          = {D. Gabor},
  title           = {A new microscopic principle},
  journal         = {Nature},
  volume          = {161},
  pages           = {777--778},
  year            = {(1948)}
}

@book{vikram,
  author = {C. S. Vikram},
  title = {Particle Field Holography},
  publisher = {Cambridge University Press},
  pages = {34},
  year = {(1992)},
}

@book{goodman,
    author = {J. W. Goodman},
    title = {Introduction to Fourier Optics --3rd ed.},
    publisher = {Roberts and Company publishers},
    year = {(2005)},
    pages = {42--62}
}

@book{wmo2021,
    author = {World Meteorological Organization},
    title = {WMO Atlas of Mortality and Economic Losses from Weather, Climate and Water Extremes (1970–2019)},
    % publisher = {World Meteorological Organization},
    year = {(2021)},
    pages = {16}
}

@article{tyler1976,
  author = {G. A. Tyler and B. J. Thompson},
  title = {Fraunhofer Holography Applied to Particle Size Analysis a Reassessment},
  journal = {Optica Acta: International Journal of Optics},
  volume = {23--9},
  pages = {685--700},
  year = {(1976)}
}

@article{scott1987,
  author = {L. Onural and P. D. Scott},
  title = {Digital Decoding Of In-Line Holograms},
  journal = {Optical Engineering},
  volume = {26--11},
  pages = {1124--1133},
  year = {(1987)}  
}

@article{offaxis,
  author = {E. Cuche, P. Marquet and C. Depeursinge},
  title = {Spatial filtering for zero-order and twin-image elimination in digital off-axis holography},
  journal = {Applied Optics},
  volume = {39--23},
  pages = {4070--4075},
  year = {(2000)}
}

@article{phaseshift,
  author = {I. Yamaguchi, and T. Zhang},
  title = {Phase-shifting digital holography},
  journal = {Optics letters},
  volume = {22--16},
  pages = {1268--1270},
  year = {(1997)}
}

@article{phaseretrieval,
  author = {G. Liu, and P.D. Scott},
  title = {Phase retrieval and twin-image elimination for in-line Fresnel holograms},
  journal = {Journal of the Optical Society of America A},
  volume = {4--1},
  pages = {159--165},
  year = {(1987)}
}

@article{doubleexposure,
  author = {P. H. Malyak, and B. J. Thompson},
  title = {Obtaining particle velocity and displacement distributions from double-exposure holograms using optical and digital processing},
  journal = {Proc. Particle Sizing and Spray Analysis},
  volume = {573},
  pages = {2--11},
  year = {(1985)}
  }